<record><leader>00000cas a22000007a 4500</leader><controlfield tag="001">15112345</controlfield><controlfield tag="008">870126d18861923inudr ne      0    0eng d</controlfield><datafield ind1=" " ind2=" " tag="010"><subfield code="a">sn 87055120 </subfield></datafield><datafield ind1=" " ind2=" " tag="040"><subfield code="a">NPI</subfield><subfield code="b">eng</subfield><subfield code="c">NPI</subfield><subfield code="d">OCLCQ</subfield></datafield><datafield ind1=" " ind2=" " tag="042"><subfield code="a">msc</subfield></datafield><datafield ind1="0" ind2=" " tag="130"><subfield code="a">Rochester daily Republican (Rochester, Ind. : 1886)</subfield></datafield><datafield ind1="1" ind2="0" tag="245"><subfield code="a">Rochester daily Republican.</subfield></datafield><datafield ind1=" " ind2=" " tag="260"><subfield code="a">Rochester, Ind. :</subfield><subfield code="b">M. Bitters &amp; Son,</subfield><subfield code="c">1886-</subfield></datafield><datafield ind1=" " ind2=" " tag="310"><subfield code="a">Daily,</subfield><subfield code="b">Mar. 19, 1922-</subfield></datafield><datafield ind1=" " ind2=" " tag="321"><subfield code="a">Daily (except Sun.),</subfield><subfield code="b">Feb. 5, 1886-Mar. 18, 1922</subfield></datafield><datafield ind1="0" ind2=" " tag="362"><subfield code="a">Vol. 1, no. 1 (Feb. 5, 1886)-</subfield></datafield><datafield ind1="1" ind2=" " tag="362"><subfield code="a">Ceased in Sept. 1923.</subfield></datafield><datafield ind1=" " ind2=" " tag="515"><subfield code="a">Issue number designation ceased with Feb. 5, 1892 issue.</subfield></datafield><datafield ind1=" " ind2=" " tag="580"><subfield code="a">Also published in weekly editions called: Rochester Republican and: Rochester weekly Republican.</subfield></datafield><datafield ind1=" " ind2=" " tag="752"><subfield code="a">United States</subfield><subfield code="b">Indiana</subfield><subfield code="c">Fulton</subfield><subfield code="d">Rochester.</subfield></datafield><datafield ind1="1" ind2=" " tag="775"><subfield code="t">Rochester Republican (Rochester, Ind. : 1878)</subfield><subfield code="w">(DLC)sn 87055107</subfield><subfield code="w">(OCoLC)15112494</subfield></datafield><datafield ind1="1" ind2=" " tag="775"><subfield code="t">Rochester weekly Republican (Rochester, Ind. : 1889)</subfield><subfield code="w">(DLC)sn 87055098</subfield><subfield code="w">(OCoLC)15112508</subfield></datafield><datafield ind1="1" ind2=" " tag="775"><subfield code="t">Rochester Republican (Rochester, Ind. : 1900)</subfield><subfield code="w">(DLC)sn 87055099</subfield><subfield code="w">(OCoLC)15112524</subfield></datafield><datafield ind1="1" ind2=" " tag="775"><subfield code="t">Rochester weekly Republican (Rochester, Ind. : 1912)</subfield><subfield code="w">(DLC)sn 87055100</subfield><subfield code="w">(OCoLC)15112537</subfield></datafield><datafield ind1="0" ind2="7" tag="785"><subfield code="t">Sun (Rochester, Ind.)</subfield><subfield code="w">(DLC)sn 87055118</subfield><subfield code="w">(OCoLC)15112555</subfield></datafield><datafield ind1="0" ind2="7" tag="785"><subfield code="t">Combined sun and Republican</subfield><subfield code="w">(DLC)sn 87055376</subfield></datafield></record>